
@InProceedings{Das:2000:UBP,
  author =       "Manuvir Das",
  title =        "Unification-based pointer analysis with directional
                 assignments",
  booktitle =    "Proceedings of the ACM SIGPLAN '00 Conference on
                 Programming Language Design and Inplementation",
  year =         "2000",
  ISBN =         "1-58113-199-2",
  pages =        "35--46",
  location =     "Vancouver, British Columbia, Canada",
  doi =          "http://doi.acm.org/10.1145/349299.349309",
  publisher =    "ACM Press",
}

@InProceedings{Liang:2001:EEF,
  author =       "Donglin Liang and Maikel Pennings and Mary Jean
                 Harrold",
  title =        "Extending and evaluating flow-insenstitive and
                 context-insensitive points-to analyses for Java",
  booktitle =    "Proceedings of the 2001 ACM SIGPLAN-SIGSOFT Workshop
                 on Program Analysis for Software Tools and
                 Engineering",
  year =         "2001",
  ISBN =         "1-58113-413-4",
  pages =        "73--79",
  location =     "Snowbird, Utah, United States",
  doi =          "http://doi.acm.org/10.1145/379605.379676",
  publisher =    "ACM Press",
}

@InProceedings{Hind:2001:PAH,
  author =       "Michael Hind",
  title =        "Pointer analysis: haven't we solved this problem
                 yet?",
  booktitle =    "Proceedings of the 2001 ACM SIGPLAN-SIGSOFT Workshop
                 on Program Analysis for Software Tools and
                 Engineering",
  year =         "2001",
  ISBN =         "1-58113-413-4",
  pages =        "54--61",
  location =     "Snowbird, Utah, United States",
  doi =          "http://doi.acm.org/10.1145/379605.379665",
  publisher =    "ACM Press",
}

@Article{Clausen:1997:JBO,
  author =       "Lars R. Clausen",
  title =        "A {Java} bytecode optimizer using side-effect
                 analysis",
  journal =      "Concurrency: Prac\-tice and Experience",
  volume =       "9",
  number =       "11",
  pages =        "1031--1045",
  month =        nov,
  year =         "1997",
  CODEN =        "CPEXEI",
  ISSN =         "1040-3108",
  bibdate =      "Tue Sep 7 06:06:35 MDT 1999",
  acknowledgement = ack-nhfb,
}

@Article{Rountev:2001:PSE,
  author =       "Atanas Rountev and Barbara G. Ryder",
  title =        "Points-to and Side-Effect Analyses for Programs Built
                 with Precompiled Libraries",
  journal =      "Lecture Notes in Computer Science",
  booktitle =    "Compiler Construction, 10th International Conference
                 (CC 2001)",
  volume =       "2027",
  pages =        "20--36",
  year =         "2001",
  CODEN =        "LNCSD9",
  ISSN =         "0302-9743",
  bibdate =      "Sat Feb 2 13:03:44 MST 2002",
  acknowledgement = ack-nhfb,
}

@InProceedings{Steensgaard:1996:PAT,
  title =        "Points-to analysis by type inference of programs with
                 structures and unions",
  author =       "Bjarne Steensgaard",
  booktitle =    "Compiler Construction, 6th International Conference",
  location =     "Link{\"o}ping, Sweden",
  month =        "24--26~" # apr,
  year =         "1996",
  series =       "Lecture Notes in Computer Science",
  volume =       "1060",
  ISBN =         "ISBN 3-540-61053-7",
  pages =        "136--150",
}

@InProceedings{Steensgaard:1996:PAA,
  author =       "Bjarne Steensgaard",
  title =        "Points-to analysis in almost linear time",
  booktitle =    "Proceedings of the 23rd ACM SIGPLAN-SIGACT Symposium
                 on Principles of Programming Languages",
  year =         "1996",
  ISBN =         "0-89791-769-3",
  pages =        "32--41",
  location =     "St. Petersburg Beach, Florida, United States",
  doi =          "http://doi.acm.org/10.1145/237721.237727",
  publisher =    "ACM Press",
}

@PhdThesis{Andersen:1994:PAS,
  semno =        "D-203",
  author =       "L. O. Andersen",
  title =        "Program Analysis and Specialization for the {C}
                 Programming Language",
  school =       "DIKU, University of Copenhagen",
  year =         "1994",
  month =        may,
  note =         "(DIKU report 94/19)",
}

@InProceedings{Hind:2000:WPA,
  author =       "Michael Hind and Anthony Pioli",
  title =        "Which pointer analysis should {I} use?",
  booktitle =    "Proceedings of the International Symposium on Software
                 Testing and Analysis",
  year =         "2000",
  ISBN =         "1-58113-266-2",
  pages =        "113--123",
  location =     "Portland, Oregon, United States",
  doi =          "http://doi.acm.org/10.1145/347324.348916",
}

@InProceedings{Shapiro:1997:FAF,
  author =       "Marc Shapiro and Susan Horwitz",
  title =        "Fast and accurate flow-insensitive points-to
                 analysis",
  booktitle =    "Proceedings of the 24th ACM SIGPLAN-SIGACT Symposium
                 on Principles of Programming Languages",
  year =         "1997",
  ISBN =         "0-89791-853-3",
  pages =        "1--14",
  location =     "Paris, France",
  doi =          "http://doi.acm.org/10.1145/263699.263703",
  publisher =    "ACM Press",
}

@InProceedings{Shapiro:1997:EPP,
  author =       "M. Shapiro and S. Horwitz",
  title =        "The effects of the precision of pointer analysis",
  booktitle =    "Proceedings of the Fourth International Symposium on
                 Static Analysis (SAS'97)",
  series =       "Lecture Notes in Computer Science",
  volume =       "1302",
  pages =        "16--34",
  year =         "1997",
}

@InProceedings{Vivien:2001:IPE,
  author =       "Fr{\'e}d{\'e}ric Vivien and Martin Rinard",
  title =        "Incrementalized pointer and escape analysis",
  booktitle =    "Proceedings of the ACM SIGPLAN'01 Conference on
                 Programming Language Design and Inplementation",
  year =         "2001",
  ISBN =         "1-58113-414-2",
  pages =        "35--46",
  location =     "Snowbird, Utah, United States",
  doi =          "http://doi.acm.org/10.1145/378795.378804",
  publisher =    "ACM Press",
}

@InProceedings{DeFouw:1998:FIC,
  author =       "Greg DeFouw and David Grove and Craig Chambers",
  title =        "Fast interprocedural class analysis",
  booktitle =    "Proceedings of the 25th ACM SIGPLAN-SIGACT Symposium
                 on Principles of Programming Languages",
  year =         "1998",
  ISBN =         "0-89791-979-3",
  pages =        "222--236",
  location =     "San Diego, California, United States",
  doi =          "http://doi.acm.org/10.1145/268946.268965",
  publisher =    "ACM Press",
}

@InProceedings{Heintze:2001:UFA,
  author =       "Nevin Heintze and Olivier Tardieu",
  title =        "Ultra-fast aliasing analysis using {CLA}: a million
                 lines of {C} code in a second",
  booktitle =    "Proceedings of the ACM SIGPLAN'01 Conference on
                 Programming Language Design and Inplementation",
  year =         "2001",
  ISBN =         "1-58113-414-2",
  pages =        "254--263",
  location =     "Snowbird, Utah, United States",
  doi =          "http://doi.acm.org/10.1145/378795.378855",
  publisher =    "ACM Press",
}

@InProceedings{Heintze:2001:DDP,
  author =       "Nevin Heintze and Olivier Tardieu",
  title =        "Demand-driven pointer analysis",
  booktitle =    "Proceedings of the ACM SIGPLAN'01 Conference on
                 Programming Language Design and Inplementation",
  year =         "2001",
  ISBN =         "1-58113-414-2",
  pages =        "24--34",
  location =     "Snowbird, Utah, United States",
  doi =          "http://doi.acm.org/10.1145/378795.378802",
  publisher =    "ACM Press",
}

@InProceedings{Fahndrich:1998:POC,
  title =        "Partial online cycle elimination in inclusion
                 constraint graphs",
  author =       "Manuel F{\"a}hndrich and Jeffrey S. Foster and
                 Zhendong Su and Alexander Aiken",
  booktitle =    "Proceedings of the ACM SIGPLAN '98 Conference on
                 Programming Language Design and Inplementation",
  year =         "1998",
  ISBN =         "0-89791-987-4",
  pages =        "85--96",
  location =     "Montreal, Quebec, Canada",
  doi =          "http://doi.acm.org/10.1145/277650.277667",
  publisher =    "ACM Press",
}

@InProceedings{Bogda:1999:RUS,
  author =       "Jeff Bogda and Urs H{\"{o}}lzle",
  title =        "Removing unnecessary synchronization in {Java}",
  booktitle =    "Proceedings of the 1999 ACM SIGPLAN Conference on
                 Object-Oriented Programming, Systems, Languages, and
                 Applications",
  year =         "1999",
  ISBN =         "1-58113-238-7",
  pages =        "35--46",
  location =     "Denver, Colorado, United States",
  doi =          "http://doi.acm.org/10.1145/320384.320388",
}

@InProceedings{Diwan:1996:SEA,
  author =       "Amer Diwan and J. Eliot B. Moss and Kathryn S.
                 McKinley",
  title =        "Simple and effective analysis of statically-typed
                 object-oriented programs",
  booktitle =    "Proceedings of the eleventh annual Conference on
                 Object-oriented programming systems, languages, and
                 applications",
  year =         "1996",
  ISBN =         "0-89791-788-X",
  pages =        "292--305",
  location =     "San Jose, California, United States",
  doi =          "http://doi.acm.org/10.1145/236337.236367",
  publisher =    "ACM Press",
}

@InProceedings{Vallee-Rai:2000:OJB,
  author =       "Raja Vall\'ee-Rai and Etienne Gagnon and Laurie J.
                 Hendren and Patrick Lam and Patrice Pominville and
                 Vijay Sundaresan",
  title =        "Optimizing {Java} bytecode using the {Soot} framework:
                 is it feasible?",
  booktitle =    "Compiler Construction, 9th International Conference
                 (CC 2000)",
  pages =        "18--34",
  series =       "LNCS",
  volume =       "1781",
  year =         "2000",
}

@InProceedings{Sundaresan:2000:PVM,
  author =       "Vijay Sundaresan and Laurie Hendren and Chrislain
                 Razafimahefa and Raja Vall\'ee-Rai and Patrick Lam and
                 Etienne Gagnon and Charles Godin",
  title =        "Practical virtual method call resolution for {Java}",
  booktitle =    "Proceedings of the Conference on Object-Oriented
                 Programming, Systems, Languages, and Applications",
  year =         "2000",
  ISBN =         "1-58113-200-X",
  pages =        "264--280",
  location =     "Minneapolis, Minnesota, United States",
  doi =          "http://doi.acm.org/10.1145/353171.353189",
}

@InProceedings{Bacon:1996:FSA,
  author =       "David F. Bacon and Peter F. Sweeney",
  title =        "Fast static analysis of {C++} virtual function calls",
  booktitle =    "{OOPSLA}~'96 Conference Proceedings: Object-Oriented
                 Programming Systems, Languages, and Applications",
  year =         "1996",
  ISBN =         "0-89791-788-X (ACM), 0-201-92109-X (Addison-Wesley)",
  ISSN =         "0362-1340",
  pages =        "324--341",
  location =     "San Jose, California, United States",
  doi =          "http://doi.acm.org/10.1145/236337.236371",
  publisher =    "ACM Press",
}

@InProceedings{Dean:1995:OOO,
  title =        "Optimization of object-oriented programs using static
                 class hierarchy analysis",
  author =       "Jeffrey Dean and David Grove and Craig Chambers",
  pages =        "77--101",
  booktitle =    "{ECOOP}'95---Object-Oriented Programming, 9th European
                 Conference",
  location =     "{\AA}arhus, Denmark",
  month =        "7--11~" # aug,
  year =         "1995",
  series =       "Lecture Notes in Computer Science",
  volume =       "952",
  ISBN =         "ISBN 3-540-60160-0",
}

@InProceedings{Emami:1994:CSI,
  author =       "Maryam Emami and Rakesh Ghiya and Laurie J. Hendren",
  title =        "Context-sensitive interprocedural points-to analysis
                 in the presence of function pointers",
  booktitle =    "Proceedings of the ACM SIGPLAN '94 Conference on
                 Programming Language Design and Implementation",
  year =         "1994",
  ISBN =         "0-89791-662-X",
  pages =        "242--256",
  location =     "Orlando, Florida, United States",
  doi =          "http://doi.acm.org/10.1145/178243.178264",
}

@TechReport{Streckenbach:2000:PJG,
  author =       "M. Streckenbach and G. Snelting",
  title =        "Points-to for {Java}: {A} general framework and an
                 empirical comparison",
  institution =  "Universit{\"{a}}t Passau",
  year =         "2000",
}

@Article{Tarjan:1975:EGL,
  author =       "Robert Endre Tarjan",
  title =        "Efficiency of a good but not linear set union
                 algorithm",
  journal =      "Journal of the ACM (JACM)",
  volume =       "22",
  number =       "2",
  year =         "1975",
  ISSN =         "0004-5411",
  pages =        "215--225",
  doi =          "http://doi.acm.org/10.1145/321879.321884",
  publisher =    "ACM Press",
}

@Book{Cormen:1990:IA,
  title =        "Introduction to Algorithms",
  author =       "Thomas H. Cormen and Charles E. Leiserson and Ronald
                 L. Rivest",
  publisher =    "MIT Press",
  address =      "Cambridge, Mass.",
  year =         "1990",
}

@InProceedings{Rountev:2000:LVS,
  author =       "Atanas Rountev and Satish Chandra",
  title =        "Off-line variable substitution for scaling points-to
                 analysis",
  booktitle =    "Proceedings of the ACM SIGPLAN '00 Conference on
                 Programming Language Design and Inplementation",
  year =         "2000",
  ISBN =         "1-58113-199-2",
  pages =        "47--56",
  location =     "Vancouver, British Columbia, Canada",
  doi =          "http://doi.acm.org/10.1145/349299.349310",
  publisher =    "ACM Press",
}

@InProceedings{Rountev:2001:PAJ,
  author =       "Atanas Rountev and Ana Milanova and Barbara G. Ryder",
  title =        "Points-to analysis for {Java} using annotated
                 constraints",
  booktitle =    "Proceedings of the OOPSLA '01 Conference on
                 Object-Oriented Programming Systems Languages and
                 Applications",
  year =         "2001",
  ISBN =         "1-58113-441-X",
  pages =        "43--55",
  location =     "Tampa Bay, FL, USA",
  doi =          "http://doi.acm.org/10.1145/504282.504286",
  publisher =    "ACM Press",
}

@InProceedings{Aiken:1998:TCT,
  author =       "Alexander Aiken and Manuel F{\"a}hndrich and Jeffrey
                 S. Foster and Zhendong Su",
  title =        "A toolkit for constructing type- and constraint-based
                 program analyses",
  booktitle =    "Types in Compilation, Second International Workshop,
                 TIC '98",
  location =     "Kyoto, Japan",
  series =       "Lecture Notes in Computer Science",
  volume =       "1473",
  year =         "1998",
  ISBN =         "3-540-64925-5",
  pages =        "78--96",
}

@InProceedings{Su:2000:PMR,
  author =       "Zhendong Su and Manuel F{\"a}hndrich and Alexander
                 Aiken",
  title =        "Projection merging: reducing redundancies in inclusion
                 constraint graphs",
  booktitle =    "Proceedings of the 27th ACM SIGPLAN-SIGACT Symposium
                 on Principles of Programming Languages",
  year =         "2000",
  ISBN =         "1-58113-125-9",
  pages =        "81--95",
}

@InProceedings{Whaley:2002:EIB,
  author =       "John Whaley and Monica Lam",
  title =        "An efficient inclusion-based points-to analysis for
                 strictly-typed languages",
  booktitle =    "Static Analysis 9th International Symposium, SAS
                 2002",
  year =         "2002",
  series =       "Lecture Notes in Computer Science",
  volume =       "2477",
  pages =        "180--195",
}

@Misc{ashes,
  key =          "ashes",
  title =        "Ashes Suite Collection",
  URL =          "http://www.sable.mcgill.ca/software/",
}

@Misc{specjvm,
  key =          "specjvm",
  title =        "{SPEC} {JVM98} Benchmarks",
  URL =          "http://www.spec.org/osg/jvm98/",
}

@InProceedings{Diwan:1998:TBA,
  author =       "Amer Diwan and Kathryn S. McKinley and J. Eliot B.
                 Moss",
  title =        "Type-based alias analysis",
  booktitle =    "Proceedings of the ACM SIGPLAN '98 Conference on
                 Programming Language Design and Inplementation",
  year =         "1998",
  ISBN =         "0-89791-987-4",
  pages =        "106--117",
  location =     "Montreal, Quebec, Canada",
  doi =          "http://doi.acm.org/10.1145/277650.277670",
  publisher =    "ACM Press",
}

@Misc{soot,
  key =          "soot",
  title =        "{Soot}: a {Java} Optimization Framework",
  URL =          "http://www.sable.mcgill.ca/soot/",
}

@Misc{jedit,
  key =          "jedit",
  title =        "{jEdit}: Open Source programmer's text editor",
  URL =          "http://www.jedit.org/",
}

@Misc{Heintze:1999:ALC,
  author =       "Nevin Heintze",
  title =        "Analysis of large code bases: the compile-link-analyze
                 model",
  URL =          "http://cm.bell-labs.com/cm/cs/who/nch/cla.ps",
  publisher =    "unpublished report",
  year =         "1999",
}

@InProceedings{Pominville:2001:FOJ,
  author =       "Patrice Pominville and Feng Qian and Raja Vall\'ee-Rai
                 and Laurie Hendren and Clark Verbrugge",
  title =        "A Framework for Optimizing Java Using Attributes",
  booktitle =    "Compiler Construction, 10th International Conference
                 (CC 2001)",
  pages =        "334--554",
  year =         "2001",
  series =       "Lecture Notes in Computer Science",
  volume =       "2027",
}

@InProceedings{Vitek:1997:ETI,
  author =       "Jan Vitek and R. Nigel Horspool and Andreas Krall",
  title =        "Efficient type inclusion tests",
  booktitle =    "Proceedings of the 1997 ACM SIGPLAN Conference on
                 Object-Oriented Programming Systems, Languages and
                 Applications",
  year =         "1997",
  ISBN =         "0-89791-908-4",
  pages =        "142--157",
  location =     "Atlanta, Georgia, United States",
  doi =          "http://doi.acm.org/10.1145/263698.263730",
  publisher =    "ACM Press",
}

@InProceedings{Alpern:1988:DEV,
  author =       "B. Alpern and M. N. Wegman and F. K. Zadeck",
  title =        "Detecting equality of variables in programs",
  booktitle =    "Proceedings of the 15th ACM SIGPLAN-SIGACT symposium
                 on Principles of programming languages",
  year =         "1988",
  ISBN =         "0-89791-252-7",
  pages =        "1--11",
  location =     "San Diego, California, United States",
  doi =          "http://doi.acm.org/10.1145/73560.73561",
}

@Book{Muchnick:1997:ACD,
  author =       "Steven S. Muchnick",
  title =        "Advanced Compiler Design and Implementation",
  publisher =    "Morgan Kaufmann Publishers",
  year =         "1997",
  ISBN =         "1-55860-320-4",
  LCCN =         "QA76.76.C65M8 1997",
}

@Article{Bryant:1992:SBM,
  author =       "Randal E. Bryant",
  title =        "Symbolic boolean manipulation with ordered binary
                 decision diagrams",
  journal =      "ACM Computing Surveys",
  volume =       "24",
  number =       "3",
  pages =        "293--318",
  year =         "1992",
}

@InProceedings{Milanova:2002:POS,
  title =        "Parameterized object sensitivity for points-to and
                 side-effect analyses for Java",
  author =       "Ana Milanova and Atanas Rountev and Barbara G. Ryder",
  booktitle =    "ACM SIGSOFT International Symposium on Software
                 Testing and Analysis (ISSTA'02)",
  location =     "Rome, Italy",
  month =        jul,
  year =         "2002",
  publisher =    "ACM Press",
}

@InProceedings{Milanova:2002:CPO,
  title =        "Constructing precise object relation diagrams",
  author =       "Ana Milanova and Atanas Rountev and Barbara G. Ryder",
  booktitle =    "IEEE International Conference on Software Maintenance
                 (ICSM'02)",
  month =        oct,
  year =         "2002",
  location =     "Florence, Italy",
  publisher =    "IEEE",
}

@InProceedings{Zhang:1996:PDP,
  author =       "Sean Zhang and Barbara G. Ryder and William Landi",
  title =        "Program decomposition for pointer aliasing: a step
                 toward practical analyses",
  booktitle =    "Proceedings of the 4th ACM SIGSOFT Symposium on
                 Foundations of software engineering",
  year =         "1996",
  ISBN =         "0-89791-797-9",
  pages =        "81--92",
  location =     "San Francisco, California, United States",
  doi =          "http://doi.acm.org/10.1145/239098.239112",
  publisher =    "ACM Press",
}

@InProceedings{Wilson:1995:ECS,
  author =       "Robert P. Wilson and Monica S. Lam",
  title =        "Efficient context-sensitive pointer analysis for {C}
                 programs",
  booktitle =    "Proceedings of the Conference on Programming Language
                 Design and Inplementation",
  year =         "1995",
  ISBN =         "0-89791-697-2",
  pages =        "1--12",
  location =     "La Jolla, California, United States",
  doi =          "http://doi.acm.org/10.1145/207110.207111",
  publisher =    "ACM Press",
}

@InProceedings{Hasti:1998:USS,
  author =       "Rebecca Hasti and Susan Horwitz",
  title =        "Using static single assignment form to improve
                 flow-insensitive pointer analysis",
  booktitle =    "Proceedings of the ACM SIGPLAN '98 Conference on
                 Programming Language Design and Inplementation",
  year =         "1998",
  ISBN =         "0-89791-987-4",
  pages =        "97--105",
  location =     "Montreal, Quebec, Canada",
  doi =          "http://doi.acm.org/10.1145/277650.277668",
  publisher =    "ACM Press",
}

@InProceedings{Ruf:2000:ESR,
  author =       "Erik Ruf",
  title =        "Effective synchronization removal for Java",
  booktitle =    "Proceedings of the ACM SIGPLAN '00 Conference on
                 Programming Language Design and Inplementation",
  year =         "2000",
  ISBN =         "1-58113-199-2",
  pages =        "208--218",
  location =     "Vancouver, British Columbia, Canada",
  doi =          "http://doi.acm.org/10.1145/349299.349327",
  publisher =    "ACM Press",
}

@InProceedings{Ruf:1995:CIA,
  author =       "Erik Ruf",
  title =        "Context-insensitive alias analysis reconsidered",
  booktitle =    "Proceedings of the Conference on Programming Language
                 Design and Inplementation",
  year =         "1995",
  ISBN =         "0-89791-697-2",
  pages =        "13--22",
  location =     "La Jolla, California, United States",
  doi =          "http://doi.acm.org/10.1145/207110.207112",
  publisher =    "ACM Press",
}

@InProceedings{Choi:1999:EAJ,
  author =       "Jong-Deok Choi and Manish Gupta and Mauricio Serrano
                 and Vugranam C. Sreedhar and Sam Midkiff",
  title =        "Escape analysis for Java",
  booktitle =    "Proceedings of the 1999 ACM SIGPLAN Conference on
                 Object-Oriented Programming Systems, Languages, and
                 Applications",
  year =         "1999",
  ISBN =         "1-58113-238-7",
  pages =        "1--19",
  location =     "Denver, Colorado, United States",
  doi =          "http://doi.acm.org/10.1145/320384.320386",
  publisher =    "ACM Press",
}

@InProceedings{Blanchet:1999:EAO,
  author =       "Bruno Blanchet",
  title =        "Escape analysis for object-oriented languages:
                 application to Java",
  booktitle =    "Proceedings of the 1999 ACM SIGPLAN Conference on
                 Object-Oriented Programming Systems, Languages, and
                 Applications",
  year =         "1999",
  ISBN =         "1-58113-238-7",
  pages =        "20--34",
  location =     "Denver, Colorado, United States",
  doi =          "http://doi.acm.org/10.1145/320384.320387",
  publisher =    "ACM Press",
}

@InProceedings{Liang:1999:EPA,
  author =       "Donglin Liang and Mary Jean Harrold",
  title =        "Efficient Points-to Analysis for Whole-Program
                 Analysis",
  booktitle =    "{ESEC/FSE}~'99",
  series =       "Lecture Notes in Computer Science",
  publisher =    "Springer-Verlag / ACM Press",
  volume =       "1687",
  year =         "1999",
  ISSN =         "0163-5948 (ACM)",
  ISBN =         "3-540-66538-2 (Springer)",
  pages =        "199--215",
}

@InProceedings{Ghiya:2001:IPA,
  author =       "Rakesh Ghiya and Daniel Lavery and David Sehr",
  title =        "On the importance of points-to analysis and other
                 memory disambiguation methods for {C} programs",
  booktitle =    "Proceedings of the ACM SIGPLAN'01 Conference on
                 Programming Language Design and Inplementation",
  year =         "2001",
  ISBN =         "1-58113-414-2",
  pages =        "47--58",
  location =     "Snowbird, Utah, United States",
  doi =          "http://doi.acm.org/10.1145/378795.378806",
  publisher =    "ACM Press",
}

@InProceedings{Ghiya:1998:PPA,
  author =       "Rakesh Ghiya and Laurie J. Hendren",
  title =        "Putting pointer analysis to work",
  booktitle =    "Proceedings of the 25th ACM SIGPLAN-SIGACT Symposium
                 on Principles of Programming Languages",
  year =         "1998",
  ISBN =         "0-89791-979-3",
  pages =        "121--133",
  location =     "San Diego, California, United States",
  doi =          "http://doi.acm.org/10.1145/268946.268957",
  publisher =    "ACM Press",
}

@InProceedings{Chow:1982:DDF,
  author =       "Anita L. Chow and Andres Rudmik",
  title =        "The design of a data flow analyzer",
  booktitle =    "Proceedings of the SIGPLAN '82 Symposium on Compiler
                 construction",
  year =         "1982",
  ISBN =         "0-89791-074-5",
  pages =        "106--113",
  location =     "Boston, Massachusetts, United States",
}

@InProceedings{Weihl:1980:IDF,
  author =       "William E. Weihl",
  title =        "Interprocedural data flow analysis in the presence of
                 pointers, procedure variables, and label variables",
  booktitle =    "Proceedings of the 7th ACM SIGPLAN-SIGACT Symposium on
                 Principles of Programming Languages",
  year =         "1980",
  ISBN =         "0-89791-011-7",
  pages =        "83--94",
  location =     "Las Vegas, Nevada",
  doi =          "http://doi.acm.org/10.1145/567446.567455",
  publisher =    "ACM Press",
}

@InProceedings{Coutant:1986:RHL,
  author =       "Deborah S. Coutant",
  title =        "Retargetable high-level alias analysis",
  booktitle =    "Proceedings of the 13th ACM SIGACT-SIGPLAN Symposium
                 on Principles of Programming Languages",
  year =         "1986",
  pages =        "110--118",
  location =     "St. Petersburg Beach, Florida",
  doi =          "http://doi.acm.org/10.1145/512644.512654",
  publisher =    "ACM Press",
}

@InProceedings{Landi:1992:SAA,
  author =       "William Landi and Barbara G. Ryder",
  title =        "A safe approximate algorithm for interprocedural
                 aliasing",
  booktitle =    "Proceedings of the 5th ACM SIGPLAN Conference on
                 Programming Language Design and Inplementation",
  year =         "1992",
  ISBN =         "0-89791-475-9",
  pages =        "235--248",
  location =     "San Francisco, California, United States",
  doi =          "http://doi.acm.org/10.1145/143095.143137",
  publisher =    "ACM Press",
}

@InProceedings{Choi:1993:EFS,
  author =       "Jong-Deok Choi and Michael Burke and Paul Carini",
  title =        "Efficient flow-sensitive interprocedural computation
                 of pointer-induced aliases and side effects",
  booktitle =    "Proceedings of the 20th ACM SIGPLAN-SIGACT Symposium
                 on Principles of Programming Languages",
  year =         "1993",
  ISBN =         "0-89791-560-7",
  pages =        "232--245",
  location =     "Charleston, South Carolina, United States",
  doi =          "http://doi.acm.org/10.1145/158511.158639",
  publisher =    "ACM Press",
}

@InProceedings{Tip:2000:SPB,
  author =       "Frank Tip and Jens Palsberg",
  title =        "Scalable propagation-based call graph construction
                 algorithms",
  booktitle =    "Proceedings of the Conference on Object-Oriented
                 Programming Systems, Languages, and Applications",
  year =         "2000",
  ISBN =         "1-58113-200-X",
  pages =        "281--293",
  location =     "Minneapolis, Minnesota, United States",
  doi =          "http://doi.acm.org/10.1145/353171.353190",
  publisher =    "ACM Press",
}

@InProceedings{Bacon:1998:TLF,
  author =       "David F. Bacon and Ravi Konuru and Chet Murthy and
                 Mauricio Serrano",
  title =        "Thin locks: featherweight synchronization for Java",
  booktitle =    "Proceedings of the ACM SIGPLAN '98 Conference on
                 Programming Language Design and Inplementation",
  year =         "1998",
  ISBN =         "0-89791-987-4",
  pages =        "258--268",
  location =     "Montreal, Quebec, Canada",
  doi =          "http://doi.acm.org/10.1145/277650.277734",
  publisher =    "ACM Press",
}

@InProceedings{Kawachiya:2002:LRJ,
  author =       "Kiyokuni Kawachiya and Akira Koseki and Tamiya
                 Onodera",
  title =        "Lock reservation: Java locks can mostly do without
                 atomic operations",
  booktitle =    "Proceedings of the 17th ACM Conference on
                 Object-oriented programming, systems, languages, and
                 applications",
  year =         "2002",
  ISBN =         "1-58113-471-1",
  pages =        "130--141",
  location =     "Seattle, Washington, USA",
  doi =          "http://doi.acm.org/10.1145/582419.582433",
  publisher =    "ACM Press",
}

@InProceedings{Whaley:1999:CPE,
  author =       "John Whaley and Martin Rinard",
  title =        "Compositional pointer and escape analysis for Java
                 programs",
  booktitle =    "Proceedings of the 1999 ACM SIGPLAN Conference on
                 Object-Oriented Programming Systems, Languages, and
                 Applications",
  year =         "1999",
  ISBN =         "1-58113-238-7",
  pages =        "187--206",
  location =     "Denver, Colorado, United States",
  doi =          "http://doi.acm.org/10.1145/320384.320400",
  publisher =    "ACM Press",
}

@Article{Landi:1992:USA,
  author =       "William Landi",
  title =        "Undecidability of static analysis",
  journal =      "ACM Letters on Programming Languages and Systems
                 (LOPLAS)",
  volume =       "1",
  number =       "4",
  year =         "1992",
  ISSN =         "1057-4514",
  pages =        "323--337",
  doi =          "http://doi.acm.org/10.1145/161494.161501",
  publisher =    "ACM Press",
}

@InProceedings{Berndl:2003:PAU,
  author =       "Marc Berndl and Ond\v{r}ej Lhot\'ak and Feng Qian and
                 Laurie Hendren and Navindra Umanee",
  title =        "Points-to analysis using {BDD}s",
  booktitle =    "Proceedings of the ACM SIGPLAN 2003 Conference on
                 Programming Language Design and Inplementation",
  year =         "2003",
  ISBN =         "1-58113-662-5",
  pages =        "103--114",
  location =     "San Diego, California, USA",
  doi =          "http://doi.acm.org/10.1145/781131.781144",
  publisher =    "ACM Press",
}

@Misc{JornLind-Nielsen:20xx:JNB,
  author =       "J\o{}rn~Lind-Nielsen",
  title =        "{BuDDy, A Binary Decision Diagram
                 Package}",
  note =         "Department of Information Technology, Technical
                 University of Denmark,
                 {\small{\texttt{http://www.itu.dk/research/buddy/}}}",
}

@Misc{Somenzi:20xx:CCD,
  author =       "Fabio Somenzi",
  title =        "{CUDD: CU Decision Diagram Package}",
  note =         "Department of Electrical and Computer Engineering,
                 University of Colorado at Boulder,\\
                 {\small{\texttt{http://vlsi.colorado.edu/\~{}fabio/CUDD/}}}",
}

@Article{Codd:1970:RMD,
  author =       "E. F. Codd",
  title =        "A relational model of data for large shared data
                 banks",
  journal =      "Communications of the ACM",
  volume =       "13",
  number =       "6",
  year =         "1970",
  ISSN =         "0001-0782",
  pages =        "377--387",
  doi =          "http://doi.acm.org/10.1145/362384.362685",
  publisher =    "ACM Press",
}

@Book{Gosling:1996:JLS,
  author =       "James Gosling and Bill Joy and Guy Steele",
  title =        "The {Java} Language Specification",
  publisher =    "Addison-Wesley",
  publaddr =     "Reading , MA , USA",
  ISBN =         "0-201-63451-1",
  bookpages =    "xxv + 825",
  year =         "1996",
}

@InProceedings{Nystrom:2003:PEC,
  author =       "N. Nystrom and M. R. Clarkson and A. C. Myers",
  title =        "{Polyglot}: An Extensible Compiler Framework for
                 {Java}",
  booktitle =    "12th International Conference on Compiler Construction",
  series =      "LNCS",
  volume =       "2622",
  pages =        "138--152",
  year =         "2003",
  CODEN =        "LNCSD9",
  ISSN =         "0302-9743",
  bibdate =      "Tue Apr 15 07:54:18 MDT 2003",
  acknowledgement = ack-nhfb,
}

@InProceedings{Minato:1993:ZSB,
  author =       "Shinichi Minato",
  title =        "Zero-suppressed {BDD}s for set manipulation in
                 combinatorial problems",
  booktitle =    "Proceedings of the 30th ACM/IEEE Design Automation
                 Conference",
  year =         "1993",
  ISBN =         "0-89791-577-1",
  pages =        "272--277",
  location =     "Dallas, Texas, United States",
  doi =          "http://doi.acm.org/10.1145/157485.164890",
  publisher =    "ACM Press",
}

@Misc{Nilsson:20xx:NGP,
  author =       "Marcus Nilsson",
  title =        "{GBDD} -- {A} package for representing
                 relations with {BDD}s",
  note =         "{\small{\texttt{http://user.it.uu.se/\-\~{}marcusn/\-projects/\-rmc/docs/gbdd/index.html}}}",
}

@Article{Minato:1997:ABE,
  author =       "S. Minato and F. Somenzi",
  title =        "Arithmetic Boolean Expression Manipulator Using
                 {BDD}s",
  journal =      "Formal Methods in System Design",
  year =         "1997",
  volume =       "10",
  number =       "2/3",
  pages =        "221--242",
}

@Misc{Behrmann:20xx:IBE,
  author =       "Gerd Behrmann",
  title =        "The Interactive {BDD} Environment",
  note =         "{\small{\texttt{http://iben.sourceforge.net/}}}",
}

@InProceedings{Beazley:1996:SEU,
  author =       "D. M. Beazley",
  title =        "{SWIG}: An Easy to Use Tool for Integrating Scripting
                 Languages with {C} and {C++}",
  booktitle =    "Proceedings of the 4th USENIX Tcl/Tk Workshop",
  month =        jul,
  year =         "1996",
  pages =        "129--139",
}

@Misc{Vahidi:20xx:AJI,
  author =       "Arash Vahidi",
  title =        "Arash's {Java} interface to {BDD}s",
  note =         "\\{\small{\texttt{http://www.chl.chalmers.se/\~{}vahidi/bdd/bdd.html}}}",
}

@Misc{Whaley:20xx:WJJ,
  author =       "John Whaley",
  title =        "{JavaBDD} -- {Java} Binary Decision Diagram
                 library",
  note =         "{\small{\texttt{http://javabdd.sourceforge.net/}}}",
}

@InProceedings{Zhang:2003:ESU,
    author = "L. Zhang and S. Malik",
    title =  "Extracting Small Unsatisfiable Cores from Unsatisfiable Boolean Formulas",
    booktitle = "Sixth International Conference on Theory and Applications of Satisfiability Testing (SAT2003)",
    location = "S. Margherita Ligure - Portofino (Italy)",
    month = May,
    year = 2003
}
@InProceedings{Berghammer:2002:IRA,
  author =       {R. Berghammer and B. Leoniuk and U. Milanese},
  title =        "Implementation of relational algebra using binary decision diagrams",
  booktitle =    {6th International Conference RelMiCS 2001},
  pages =        {241-257},
  year =         {2002},
  volume =       {2561},
  series =       {LNCS},
  month =        {December}
}
@Book{Schwartz:1986:PSI,
  author =       "J. T. Schwartz and R. B. K. Dewar and E. Dubinsky and
                 E. Schonberg",
  title =        "Programming with Sets - an Introduction to Setl",
  publisher =    "Springer",
  address =      "New York",
  year =         "1986",
  ISBN =         "0-387-96399-5",
}
@article{Brabrand:2002:BP,
 author = {Claus Brabrand and Anders M\o{}ller and Michael I. Schwartzbach},
 title = {The {\tt <bigwig>} project},
 journal = {ACM Trans. Inter. Tech.},
 volume = {2},
 number = {2},
 year = {2002},
 issn = {1533-5399},
 pages = {79--114},
 doi = {http://doi.acm.org/10.1145/514183.514184},
 publisher = {ACM Press},
 }
@InProceedings{Meijer:2003:UTO,
 author = {Erik Meijer and  Wolfram Schulte},
 title = {Unifying Tables, Objects, and Documents},
 booktitle = {Workshop on Declarative Programming in the Context of Object-Oriented Languages},
 month = Aug,
 year = {2003}
}
@inproceedings{Moskewicz:2001:CEE,
 author = {Matthew W. Moskewicz and Conor F. Madigan and Ying Zhao and Lintao Zhang and Sharad Malik},
 title = {Chaff: engineering an efficient SAT solver},
 booktitle = {Proceedings of the 38th conference on Design automation},
 year = {2001},
 isbn = {1-58113-297-2},
 pages = {530--535},
 location = {Las Vegas, Nevada, United States},
 doi = {http://doi.acm.org/10.1145/378239.379017},
 publisher = {ACM Press},
 }
